@misc{license4j,
	title = {{License4j}},
	url = {\url{http://www.license4j.com/}},
	type = {web page},
	author = {License4j},
	note = "[Cited 2012-02-18]"
}

@misc{jlicense,
	title = {{JLicense}},
	url = {\url{http://www.websina.com/products/jlicense.html}},
	type = {web page},
	author = {WEBsina, Inc.},
	note = "[Cited 2012-02-18]"
}

@misc{rampart,
	title = {{Rampart}},
	url = {\url{http://rampartlicensing.com}},
	type = {web page},
	author = {Extranet Software Solutions, Inc.},
	note = "[Cited 2012-02-18]"
}

@misc{protection,
	title = {{Protection! 4}},
	url = {\url{http://www.jproductivity.com/products/protection/protection.htm}},
	type = {web page},
	author = {jProductivity, LLC},
	note = "[Cited 2012-02-18]"
}

@misc{lm-x,
	title = {{LM-X License Manager}},
	url = {\url{http://www.x-formation.com/lm-x_license_manager/index.html}},
	type = {web page},
	author = {X-Formation},
	note = "[Cited 2012-02-19]"
}

@misc{vmspec,
	title = {{The Java Virtual Machine Specification}},
	url = {\url{http://java.sun.com/docs/books/jvms/second_edition/html/ClassFile.doc.html}},
	type = {web page},
	author = {Sun Microsystems Inc.},
	year = {1999},
	note = "[Cited 2012-02-19]"
}

@misc{jni,
	title = {{Java Native Interface Specification}},
	url = {\url{http://docs.oracle.com/javase/1.5.0/docs/guide/jni/spec/jniTOC.html}},
	type = {web page},
	author = {Oracle},
	year = {2004},
	note = "[Cited 2012-02-26]"
}

@misc{jna,
	title = {{Java Native Access}},
	url = {\url{https://github.com/twall/jna}},
	type = {web page},
	author = {Todd Fast and Timothy Wall and Liang Chen},
	note = "[Cited 2012-02-26]"
}

@misc{eclipse-rcp,
	title = {{Rich Client Platform}},
	url = {\url{http://wiki.eclipse.org/index.php/Rich_Client_Platform}},
	type = {web page},
	author = {The Eclipse Foundation},
	note = "[Cited 2012-02-26]"
}

@misc{swt,
	title = {{SWT: The Standard Widget Toolkit}},
	url = {\url{http://www.eclipse.org/swt/}},
	type = {web page},
	author = {The Eclipse Foundation},
	note = "[Cited 2012-02-26]"
}

@misc{rest,
	title = {{RESTful Web services: The basics}},
	url = {\url{https://www.ibm.com/developerworks/webservices/library/ws-restful/}},
	type = {web page},
	author = {Alex Rodriguez},
	company = {IBM},
	note = "[Cited 2012-03-11]"
}

@misc{rfc-http,
  author="R. Fielding and J. Gettys and J. Mogul and H. Frystyk and L. Masinter and P. Leach and T. Berners-Lee",
  title="{Hypertext Transfer Protocol -- HTTP/1.1}",
  series="Request for Comments",
  number="2616",
  howpublished="RFC 2616 (Draft Standard)",
  publisher="IETF",
  organization="Internet Engineering Task Force",
  year=1999,
  month=jun,
    note="Updated by RFCs 2817, 5785, 6266",
  url="http://www.ietf.org/rfc/rfc2616.txt",
}

@misc{asm,
	title = {{ASM - Java bytecode manipulation and analysis framework}},
	url = {\url{http://asm.ow2.org/}},
	type = {web page},
	company = {OW2 Consortium},
	note = "[Cited 2012-03-30]"
}

@misc{gcj,
	title = {{GNU Compiler for Java}},
	url = {\url{http://gcc.gnu.org/java/}},
	type = {web page},
	company = {Free Software Foundation, Inc.},
	note = "[Cited 2012-03-31]"
}

@misc{jet,
	title = {{Excelsior JET}},
	url = {\url{http://www.excelsior-usa.com/jet.html}},
	type = {web page},
	company = {Excelsior LLC.},
	note = "[Cited 2012-03-31]"
}
